@ARTICLE {lisdatabase,
    author = "Marco Fagiani and Emanuele Principi and Stefano Squartini and Francesco Piazza",
    title  = "A New Italian Sign Language Database",
    year   = "2012"
    HOWPUBLISHED = "\url{https://link.springer.com/chapter/10.1007/978-3-642-31561-9_18}"
}

@MISC{wikipediaIronTriangle,
	HOWPUBLISHED = "\url{https://en.wikipedia.org/wiki/Project_management_triangle}",
	AUTHOR = "Wikipedia",
	TITLE = "{Project Management Triangle}",
	MONTH = "Sett",
	YEAR = "2018",
	NOTE = "last edited on 25 September 2018, at 00:31 (UTC)."
}

@ARTICLE {caffeChaos,
	HOWPUBLISHED = "\url{http://blog.standishgroup.com/post/23}",
	TITLE = "Success Redefined",
	JOURNAL = "Cafe CHAOS",
	AUTHOR = "Jim Johnson and Jim Crear", 
	YEAR = "2014"
}

@ARTICLE {infoq, 
	HOWPUBLISHED = "\url{https://www.infoq.com/articles/standish-chaos-2015}",
	TITLE = "{Standish Group 2015 Chaos Report - Q\&A with Jennifer Lynch}",
	JOURNAL = "InfoQ",
	AUTHOR = " Stephane Wojewoda and Shane Hastie",
	MONTH = "Oct", 
	YEAR = "2015"
}

@MISC{publication,
    	HOWPUBLISHED = "\url{https://www.projectsmart.co.uk/white-papers/chaos-report.pdf}",
	AUTHOR = "{Project Smart}",
    	TITLE = "{The Standish Group Report
CHAOS}",
    	YEAR = "2014"
}